@misc{aap1,
  author = "Apple",
  title = "{Using Binaural Panning in the Mixer}",
  institution = "Apple inc.",
  year = "2013",
  howpublished = "\url{http://help.apple.com/logicpro/mac/9.1.6/en/logicpro/usermanual/index.html#chapter=27%26section=14%26tasks=true}"
}

@misc{hrtf1,
  author = "Psychoakustik und Experimentelle Audiologie",
  title = "{Measurement of Head-Related Transfer Functions (HRTFs)}",
  institution = "Österreichische Akademie der Wissenschaften",
  howpublished = "\url{https://www.kfs.oeaw.ac.at/index.php?option=com_content&view=article&id=354:measurement-of-head-related-transfer-functions-hrtfs&catid=103&Itemid=378&lang=de}"
}

@misc{cipic1,
  author = "Prof. V. Ralph Algazi",
  title = "{The CIPIC HRTF Database}",
  institution = "The University of California Davis",
  year = "2001",
  howpublished = "\url{http://interface.cipic.ucdavis.edu/sound/hrtf.html}"
}

@misc{iid1,
  author = "Jim West",
  title = "{IID-based Panning Methods}",
  institution = "University of Miami",
  year = "1998",
  howpublished = "\url{http://www.music.miami.edu/programs/mue/Research/jwest/Chap_3/Chap_3_IID_Based_Panning_Methods.html}"
}

@misc{dft1,
  author = "Julius Orion Smith III",
  title = "{Intreduction to Digital Filter Theory}",
  intitution = "Center for Computer Research in Music and Acoustics, Stanford",
  year = "1985",
  howpublished = "\url{https://ccrma.stanford.edu/STANM/stanms/stanm20/stanm20.pdf}"
}

@misc{rob1,
  author = "Andreas Birk",
  title = "{Robotics Course Slides}",
  intitution = "Jacobs University Bremen"
}

@misc{disy1,
  author = "Thomas L Floyd",
  title = "{Digital Fundamentals}"
}

@misc{dsp1,
  author = "Analog.com",
  title = "{A Beginner's Guide to Digital Signal Processing}",
  howpublished = "\url{http://www.analog.com/en/content/beginners_guide_to_dsp/fca.html}"
}

@misc{dsp2,
  author = "Steven W. Smith, Ph.D.m",
  title = "{The Scientist and Engineer's Guide to
Digital Signal Processing}",
  howpublished = "\url{http://www.dspguide.com/}"
}

@misc{mpu1,
  author = "InvenSense",
  title = "{MPU-6000/6050 Six-Axis (Gyro + Accelerometer) MEMS MotionTracking™ Devices}",
  howpublished = "\url{http://www.invensense.com/mems/gyro/mpu6050.html}"
}

@misc{cipic2,
  author = "Department of Electrical and Computer Engineering, University of California Davis",
  title = "{Psychoacoustics of Spatial Hearing}",
  howpublished = "\url{http://interface.cipic.ucdavis.edu/sound/tutorial/psych.html}"
}

@misc{max,
  author = "Cycling 74",
  title = "{Max 7}",
  howpublished = "\url{http://cycling74.com}"
}

@misc{maxsdk,
  author = "Cycling 74",
  title = "{Max SDK 6.0.4}",
  howpublished = "\url{https://cycling74.com/sdk/MaxSDK-6.0.4/html/index.html}"
}

@misc{i2c,
  author = "Jeff Rowberg",
  title = "{I2C device library collection for AVR/Arduino or other C++-based MCUs}",
  howpublished = "\url{https://github.com/jrowberg/i2cdevlib}"
}

@misc{ard,
  title = "{Arduino}",
  howpublished = "\url{http://www.arduino.cc/}"
}

@misc{wire,
  author="Arduino",
  title = "{Wire Library}",
  howpublished = "\url{http://www.arduino.cc/en/reference/wire}"
}





